@book{InterviewsNHS,
author = {Mathers, Nigel and Fox, Nick and Hunn, Amanda},
year = {2002},
month = {06},
pages = {},
title = {Trent Focus for Research and Development in Primary Health Care Using Interviews in a Research Project}
}

@book{DEBbook,
author = {David Benyon},
year = {2013},
pages = {140},
title = {Designing Interactive Systems - A comprehensive guide to HCI, UX and interaction design
David Benyon},
edition= {3rd}
}